% rivedere se nelle istituzioni va messo IEEE o il nome delle singole aziende degli autori
% chiedere se va bene scrivere sotto forma di manual

@manual{conops,
	title        = {Remotely Piloted Aircraft System (RPAS) Concept of Operations (CONOPS) for International IFR Operations},
	organization = {ICAO},
}

@manual{manual10019,
	title        = {Manual on Remotely Piloted Aircraft Systems (RPAS)},
	organization = {ICAO},
	note         = {Doc 10019, AN/507},
}

@manual{manual9869,
	title        = {Manual on Required Communication Performance (RCP)},
	organization = {ICAO},
	note         = {Doc 9869, AN/462},
}

@techreport{desire,
    title        = {DeSIRE II - Demonstration of the use of Satellites complementing Remotely Piloted Aircraft Systems integrated in non-segregated airspace – Second Element},
    institution  = {Telespazio, Leonardo},
    year         = {2017},
    month        = {09},
    note         = {Revision V 2.0},
}

@manual{jarus,
	title        = {Required C2 Performance (RLP) concept},
	author       = {Dominique Colin EUROCONTROL},
	organization = {JARUS},
	edition      = {V 1.0},
	year         = {2016},
	month        = {05},
}

@manual{integration_roadmap,
	title        = {Integration of Civil Unmanned Aircraft Systems (UAS) in the National Airspace System (NAS) Roadmap},
	author       = {Michael P. Huerta},
	organization = {Federal Aviation Administration},
	edition      = {Fisrt Edition},
	year         = {2013},
}

@techreport{xkbands,
	author       = {Mario Cossu and R. Roscigno and D. Giancristofaro and Massimo Bertinelli and Carlo Riva and Daniele Capirone and Guido Montorsi and Marco Della Maggiora and Marco Luise},
    title        = {Effects of Link Availability on the Achievable Performance with Variable Coding Modulation Earth Observation Satellites},
    institution  = {IEEE},
    year         = {2012},
}

@techreport{robustezzaC2,
	author       = {Robert J. Kerczewski and James H. Griner and William D. Bishop and David W. Matolak and Jeffrey D. Wilson},
    title        = {Progress on the Development of the UAS C2 Link and Supporting Spectrum – from LOS to BLOS},
    institution  = {IEEE},
    year         = {2017},
}

@techreport{modellomatematico,
	author       = {Dirk Gómez Depoorter and Wolfgang Kellerer},
    title        = {Designing the Air-Ground Data Links for Future Air Traffic Control Communications},
    institution  = {IEEE},
    year         = {2018},
}

@manual{sesar,
	title        = {Single Programming Document},
	organization = {SESAR, Joint Undertaking},
	year         = {2017-2019},
}

@techreport{xplanesim,
	author       = {Dirk Gómez Depoorter and Omar Raissouni and Elisenda Temprado Garriga and Oliver Lücke},
    title        = {THE ACROSS TESTBED FOR THE FUTURE AERONAUTICAL DATA COMMUNICATIONS},
    institution  = {IEEE},
    year         = {2016},
}

@techreport{iot,
	author       = {Roman Zhohov and Dimitar Minovski and Per Johansson and Karl Andersson},
    title        = {Real-time Performance Evaluation of LTE for IIoT},
    institution  = {IEEE},
}

@techreport{rfbot,
	author       = {Marco Zennaro and Marco Rainone and Ermanno Pietrosemoli},
    title        = {Radio Link Planning made easy with a Telegram Bot.},
    institution  = {ICTP Telecommunication/ICT4D Lab},
}

% sitografia

@misc{athenafidus,
  title          = {Athena-Fidus},
  howpublished   = {\url{https://www.asi.it/it/flash/telecomunicazioni-e-navigazione/athena-fidus}},
  year           = {2018},
}

@misc{alphasat,
  title          = {Alphasat (Inmarsat-4A F4)},
  howpublished   = {\url{https://space.skyrocket.de/doc_sdat/alphasat.htm}},
  year           = {2018},
}

@misc{desiresite,
  title          = {DeSIRE II},
  howpublished   = {\url{https://business.esa.int/projects/desire-ii}},
  year           = {2018},
}

@misc{egeos,
  title          = {E-geos},
  howpublished   = {\url{http://www.e-geos.it/}},
  year           = {2018},
}

@misc{linkbudget,
  title          = {Link Budget},
  howpublished   = {\url{https://en.wikipedia.org/wiki/Link_budget}},
  year           = {2018},
}

@misc{spazioaereo,
  title          = {Spazio Aereo},
  howpublished   = {\url{https://it.wikipedia.org/wiki/Spazio_aereo}},
  year           = {2018},
}

@misc{fresnel,
  title          = {Zona di Fresnel},
  howpublished   = {\url{https://it.wikipedia.org/wiki/Zona_di_Fresnel}},
  year           = {2018},
}

@misc{srtm,
  title          = {Shuttle Radar Topography Mission},
  howpublished   = {\url{https://it.wikipedia.org/wiki/Shuttle_Radar_Topography_Mission}},
  year           = {2018},
}

@misc{aster,
  title          = {Advanced Spaceborne Thermal Emission and Reflection Radiometer},
  howpublished   = {\url{https://it.wikipedia.org/wiki/Advanced_Spaceborne_Thermal_Emission_and_Reflection_Radiometer}},
  year           = {2018},
}

@misc{icao,
  title          = {International Civil Aviation Organization},
  howpublished   = {\url{https://en.wikipedia.org/wiki/International_Civil_Aviation_Organization}},
  year           = {2018},
}

@misc{udp,
  title          = {UDP},
  howpublished   = {\url{https://it.wikipedia.org/wiki/User_Datagram_Protocol}},
  year           = {2018},
}

@misc{tcp,
  title          = {TCP},
  howpublished   = {\url{https://it.wikipedia.org/wiki/Transmission_Control_Protocol}},
  year           = {2018},
}

@misc{isoosi,
  title          = {Modello OSI},
  howpublished   = {\url{https://it.wikipedia.org/wiki/Modello_OSI}},
  year           = {2018},
}

@misc{mapsmobile,
  title          = {Radio Mobile},
  howpublished   = {\url{http://radiomobile.pe1mew.nl/?How_to:Work_with_Google_Earth:Import_coverage...}},
  year           = {2018},
}

@misc{faa,
  title          = {Federal Aviation Administration},
  howpublished   = {\url{https://it.wikipedia.org/wiki/Federal_Aviation_Administration}},
  year           = {2018},
}

@misc{flywire,
  title          = {Fly-by-wire},
  howpublished   = {\url{https://it.wikipedia.org/wiki/Fly-by-wire}},
  year           = {2018},
}

@misc{signstr,
  title          = {Signal Strength},
  howpublished   = {\url{https://en.wikipedia.org/wiki/Signal_strength_in_telecommunications}},
  year           = {2018},
}

% immagini

@misc{falcoimg,
  title          = {Immagine Falco Evo},
  howpublished   = {\url{https://it.wikipedia.org/wiki/Selex_ES_Falco#/media/File:Salon_du_Bourget_20090619_227.jpg}},
  year           = {2018},
}

% problema con il link che non va a capo
@misc{rparotorimg,
  title          = {Immagine VSR700 VTOL UAV},
  howpublished   = {\url{http://www.navyrecognition.com/index.php/focus-analysis/naval-technology/5323-in-details-vsr700-vtol-uav-the-likely-future- \\
  unmanned-helicopter-of-the-french-navy.html}},
  year           = {2018},
}

@misc{rpsimg,
  title          = {Immagine Remote Pilot Station},
  howpublished   = {\url{https://www.nbcnews.com/technolog/virtual-cockpit-what-it-takes-fly-drone-1C9319684}},
  year           = {2018},
}

@misc{spazioaereoimg,
  title          = {Immagine Spazio Aereo},
  howpublished   = {\url{https://it.wikipedia.org/wiki/Spazio_aereo#/media/File:Airspace.png}},
  year           = {2018},
}

@misc{osiimg,
  title          = {Immagine Modello OSI},
  howpublished   = {\url{https://it.wikipedia.org/wiki/Modello_OSI#/media/File:OSI_Model_v1.svg}},
  year           = {2018},
}

@misc{udpimg,
  title          = {Immagine UDP},
  howpublished   = {\url{https://en.wikipedia.org/wiki/Encapsulation_(networking)#/media/File:UDP_encapsulation.svg}},
  year           = {2018},
}

@misc{radiomobileimg,
  title          = {Immagine Radio Mobile},
  howpublished   = {\url{http://www.binaryheartbeat.net/2014/04/80211-networks-on-radio-mobile-part-2.html}},
  year           = {2018},
}