@manual{sesar,
    title = {Single Programming Document},
    organization = {SESAR, Joint Undertaking},
    year = {2017-2019},
}

@techreport{xplanesim,
    author = {Dirk Gómez Depoorter and Omar Raissouni and Elisenda Temprado Garriga and Oliver Lücke},
    title = {THE ACROSS TESTBED FOR THE FUTURE AERONAUTICAL DATA COMMUNICATIONS},
    institution = {IEEE},
    year = {2016},
}

% sitografia

@misc{athenafidus,
    title = {Athena-Fidus},
    howpublished = {\url{https://www.asi.it/it/flash/telecomunicazioni-e-navigazione/athena-fidus}},
    year = {2018},
}